@TechReport{Alonso-15b,
  author =       {J.A. Alonso},
  title =        {\href{https://www.cs.us.es/~jalonso/cursos/i1m-15/temas/2015-16-IM-temas-PF.pdf}
                       {Temas de programación funcional}},
  institution =  {Univ. de Sevilla},
  year =         2015}

@TechReport{Alonso-16a,
  author =       {J.A. Alonso},
  title =        {\href{http://www.glc.us.es/~jalonso/vestigium/i1m2016-tipos-y-clases-en-haskell/}
                       {Tipos y clases en Haskell}},
  institution =  {Univ. de Sevilla},
  year =         2016}

@book{Hutton-16,
  title={Programming in Haskell},
  author={Hutton, G.},
  isbn={9781316626221},
  lccn={2016030027},
  url={https://books.google.es/books?id=75C5DAAAQBAJ},
  year={2016},
  publisher={Cambridge University Press}
}


@TechReport{Serrano-14,
  author =       {A. Serrano Mena},
  title =        {\href{https://www.amazon.com/Beginning-Haskell-Alejandro-Serrano-Mena/dp/1430262508}
                       {Beginning in Haskell}},
  institution =  {Utrecht University},
  year =         2014}

@TechReport{tesis,
  author =       {Anders Mörtberg},
  title =        {\href{http://web.student.chalmers.se/~mortberg/master/MSc-Thesis.pdf}
                       {Constructive Algebra in Functional Programming and
Type Theory}},
  institution =  {University of Gothenburg},
  year =         2010}


@TechReport{Algebra-15,
  author =       {Juan González-Meneses},
  title =        {https://rodas5.us.es/file/0125a68f-b30b-40e8-abc0-b5b82e0c5a8c/1/Apuntes_T3.pdf}
                       {Anillos, Cuerpos, Ideales y Dominio de Integridad}},
  institution =  {Univ. de Sevilla},
  year =         2015}

@TechReport{matrix,
  title =        {https://hackage.haskell.org/package/matrix-0.3.6.1/docs/Data-Matrix.html}
                       {Data.Matrix}}
  year =         2018}
  
@TechReport{tipos,
  author =       {aprendehaskell.es}
  title =        {http://aprendehaskell.es/content/ClasesDeTipos.html}
                       {Clases de tipos en Haskell}}
  year =         2018}

@TechReport{funtores,
  author =       {aprendehaskell.es}
  title =        {http://aprendehaskell.es/content/Funtores.html}
                       {Funtores en Haskell}}
  year =         2018}

@TechReport{wiki,
  title =        {https://wiki.haskell.org/}
                       {The Haskell Programming Language}}
  year =         2018}

@TechReport{coherent-14,
  author =       {Thierry Coquand},
  title =        {\href{http://www.cse.chalmers.se/~coquand/FISCHBACHAU/t2.pdf}
                       {Coherent Ring}},
  institution =  {University of Gothenburg},
  year =         2010}

@TechReport{ubuntu,
  title =        {https://www.ubuntu.com/download/desktop}
                       {Ubuntu 16.04}}
  year =         2018}

@TechReport{github,
  title =        {https://github.com/}
                       {Github}}
  year =         2018}

@TechReport{haskell8,
  title =        {https://www.haskell.org/ghc/download_ghc_8_0_2.html}
                       {Haskell 8.02}}
  year =         2018}

@TechReport{emacs,
  title =        {https://picandocodigo.net/2009/mi-guia-de-referencia-para-emacs/}
                       {Abreviaciones de Emacs}}
  year =         2009}

@TechReport{latex,
  title =        {https://www.latex-project.org/}
                       {Documentación sobre LaTeX}}
  year =         2018}

@TechReport{bibliolatex,
  title =        {http://minisconlatex.blogspot.com/2011/03/bibliografia.html}
                       {Bibligrafía en LaTeX}}
  year =         2011}

